@article{DEN,
author = {Engelhardt \textit{et al.}, Benjamin },
title = {Learning (from) the errors of a systems biology model},
journaltitle = {Scientific Reports},
year = {2016},
OPTdoi = {10.1038/srep20772},
OPTurl = {http://dx.doi.org/10.1038/srep20772},
}

@article {BDEN,
author = {Engelhardt, Benjamin and Kschischo, Maik and Fr{\"o}hlich, Holger},
title = {A Bayesian approach to estimating hidden variables as well as missing and wrong 
molecular interactions in ordinary differential equation-based mathematical models},
year = {2017},
OPTdoi = {10.1098/rsif.2017.0332},
publisher = {The Royal Society},
OPTurl = {http://rsif.royalsocietypublishing.org/content/14/131/20170332},
journaltitle = {Journal of The Royal Society Interface},
}

@article {Trop,
author = {Samal, S. S., Naldai, A., Grigoriev,D.,Weber,A.,Theret,N and Radulescu,O.},
title = {Geometric analysis of pathways dynamics: Application to versatility of TGF-Î² receptors},
year = {2016},
OPTdoi = {10.1016/j.biosystems.2016.07.004},
publisher = {ScienceDirect},
OPTurl = {http://www.sciencedirect.com/science/article/pii/S0303264716301174},
journaltitle = {Selected papers from the Computational Methods in Systems Biology 2015 conference},
}
